<?xml version="1.0" encoding="UTF-8"?><collection xmlns="http://www.loc.gov/MARC21/slim"><record><leader>00369nam--2200121-i-4500</leader><controlfield tag="001">000005259</controlfield><controlfield tag="002">20161230</controlfield><controlfield tag="005">20161230201026</controlfield><controlfield tag="008">060222s1000------------r-----000-0-eng-d</controlfield><datafield ind1=" " ind2=" " tag="100"><subfield code="a">Champeix,R</subfield></datafield><datafield ind1=" " ind2=" " tag="245"><subfield code="a">Physique et technique des tubes electroniques. preface de g.a.boutry tome ii:theorie et fabrication des tubes</subfield></datafield><datafield ind1=" " ind2=" " tag="260"><subfield code="a">Paris,Dunod,1958. Xvi + 427p</subfield></datafield><datafield ind1=" " ind2=" " tag="852"><subfield code="a">13184</subfield></datafield></record></collection>